@techreport{MPCreport,
  title = {Migration after the Arab Spring},
  author = {Fargues, Phillippe and Fandrich, Christine},
  institution = {European University Institute},
  type = {Research Report},
  series = {MPC Research Reports},
  year = {2012}
},

@online{ACLU,
  author = {ACLU},
  title = {Nation Wide Anti-Mosque Activity},
  year = 2018,
  url = {https://www.aclu.org/issues/national-security/discriminatory-profiling/nationwide-anti-mosque-activity?redirect=religion-belief/map-nationwide-anti-mosque-activity},
  urldate = {2018-04-20}
}
@techreport{UN,
  title = {2015 Migration Report},
  author = {Fargues, Phillippe and Fandrich, Christine},
  institution = {European University Institute},
  type = {Research Report},
  series = {MPC Research Reports},
  year = {2012}
},

@misc{Shah,
  author        = {Timothy Shah},
  title         = {In God's Name: Politics, Religion, and Economic Development},
  month         = {July},
  year          = {2013},
  publisher={Georgetown University Lecture}
}
}
@techreport{Pew,
  title = {Trends in Global Restrictions on Religion},
  author = {Grim, Brian and Finke, Roger and Pew},
  institution = {Pew Research},
  type = {Research Report},
  series = {Global Restrictions Index},
  year = {2016}
},
@misc{Owen,
  author        = {John Owen},
  title         = {What Western History Can Teach Us about Political Islam},
  month         = {July},
  year          = {2010},
  publisher={Princeton University Press}
}
@misc{Fukuyama,
  author = {Francis Fukuyama},
  title = {Confucianism and Democracy},
  year = 2017,
  publisher= {Project Muse},
}

@article{James,
  author = {James, Franklin and Romine, Jeff and Zwanzig, Peter},
  title = {The Effects of Immigration on Urban Communities},
  journal = {Cityscape: A Journal of Policy Development and Research},
  volume = {3},
  number = {3},
  pages = {171--192},
  year = {1998},
  doi =
},