@article{einstein,
  author =       "Brian Grim",
  title =        "{Is Religious Freedom Good for Business?}. 
                 [{A} {Conceptual} and {Empirical} {Analysis}]",
  journal =      "Interdisciplinary Journal of Research on Religion",
  volume =       "10",
  number =       "4",
  pages =        "3--15",
  year =         "2014",
}

@article{einstein,
  author =       "Francis Fukuyama",
  title =        "{Confucianism and Democracy}.",
  journal =      "Journal of Democracy",
  volume =       "6",
  number =       "2",
  pages =        "20--33",
  year =         "1995",}

 
